<record><leader>00000cas a22000007a 4500</leader><controlfield tag="001">23057699</controlfield><controlfield tag="008">910204d19181927mauwr ne      0    0eng d</controlfield><datafield ind1=" " ind2=" " tag="010"><subfield code="a">sn 89063480 </subfield></datafield><datafield ind1=" " ind2=" " tag="040"><subfield code="a">MGN</subfield><subfield code="b">eng</subfield><subfield code="c">MGN</subfield><subfield code="d">OCLCQ</subfield></datafield><datafield ind1=" " ind2=" " tag="042"><subfield code="a">msc</subfield></datafield><datafield ind1="0" ind2=" " tag="130"><subfield code="a">Winthrop sun (Winthrop, Mass. : 1918)</subfield></datafield><datafield ind1="1" ind2="4" tag="245"><subfield code="a">The Winthrop sun.</subfield></datafield><datafield ind1=" " ind2=" " tag="260"><subfield code="a">Winthrop, Mass. :</subfield><subfield code="b">Herbert E. Emerson</subfield></datafield><datafield ind1=" " ind2=" " tag="300"><subfield code="a">v.</subfield></datafield><datafield ind1=" " ind2=" " tag="310"><subfield code="a">Weekly</subfield></datafield><datafield ind1="1" ind2=" " tag="362"><subfield code="a">Began in Dec. 1918.</subfield></datafield><datafield ind1="0" ind2=" " tag="362"><subfield code="a">-v. 47, no. 39 (Sept. 24, 1927).</subfield></datafield><datafield ind1=" " ind2=" " tag="752"><subfield code="a">United States</subfield><subfield code="b">Massachusetts</subfield><subfield code="c">Suffolk</subfield><subfield code="d">Winthrop.</subfield></datafield><datafield ind1="0" ind2="0" tag="780"><subfield code="t">Winthrop sun and visitor</subfield><subfield code="w">(DLC)sn 89063479</subfield></datafield><datafield ind1="0" ind2="0" tag="785"><subfield code="t">Sun (Winthrop, Mass.)</subfield><subfield code="w">(DLC)sn 89063481</subfield></datafield><datafield ind1="1" ind2=" " tag="029"><subfield code="a">AU@</subfield><subfield code="b">000025852743</subfield></datafield></record>